<record xmlns="http://www.loc.gov/MARC21/slim">
   <leader>03180cam a2200481 i 4500</leader>
   <controlfield tag="001">6807331</controlfield>
   <controlfield tag="003">OCoLC</controlfield>
   <controlfield tag="005">20150212113725.0</controlfield>
   <controlfield tag="008">140828t20152015enka     b    001 0 eng  </controlfield>
   <datafield ind1=" " ind2=" " tag="010">
      <subfield code="a">  2014023390</subfield>
   </datafield>
   <datafield ind1="7" ind2=" " tag="016">
      <subfield code="a">016453421</subfield>
      <subfield code="2">Uk</subfield>
   </datafield>
   <datafield ind1=" " ind2=" " tag="020">
      <subfield code="a">9780415855181</subfield>
      <subfield code="q">hardback</subfield>
   </datafield>
   <datafield ind1=" " ind2=" " tag="020">
      <subfield code="a">0415855187</subfield>
      <subfield code="q">hardback</subfield>
   </datafield>
   <datafield ind1=" " ind2=" " tag="020">
      <subfield code="z">9780203721117</subfield>
      <subfield code="q">ebook</subfield>
   </datafield>
   <datafield ind1=" " ind2=" " tag="035">
      <subfield code="a">ocn890814136</subfield>
   </datafield>
   <datafield ind1=" " ind2=" " tag="040">
      <subfield code="a">DLC</subfield>
      <subfield code="e">rda</subfield>
      <subfield code="b">eng</subfield>
      <subfield code="c">DLC</subfield>
      <subfield code="d">YDX</subfield>
      <subfield code="d">YDXCP</subfield>
      <subfield code="d">BTCTA</subfield>
      <subfield code="d">UKMGB</subfield>
      <subfield code="d">BDX</subfield>
      <subfield code="d">OCLCO</subfield>
   </datafield>
   <datafield ind1=" " ind2=" " tag="042">
      <subfield code="a">pcc</subfield>
   </datafield>
   <datafield ind1=" " ind2=" " tag="043">
      <subfield code="a">ed-----</subfield>
      <subfield code="a">e------</subfield>
   </datafield>
   <datafield ind1="0" ind2="0" tag="050">
      <subfield code="a">HC240.25.B28</subfield>
      <subfield code="b">E83 2015</subfield>
   </datafield>
   <datafield ind1="0" ind2="0" tag="082">
      <subfield code="a">341.242/209496</subfield>
      <subfield code="2">23</subfield>
   </datafield>
   <datafield ind1=" " ind2=" " tag="084">
      <subfield code="a">POL011000</subfield>
      <subfield code="a">POL012000</subfield>
      <subfield code="a">HIS010000</subfield>
      <subfield code="2">bisacsh</subfield>
   </datafield>
   <datafield ind1=" " ind2=" " tag="090">
      <subfield code="a">HC240.25 .B28 E83 2015</subfield>
      <subfield code="b">AEGMCT</subfield>
   </datafield>
   <datafield ind1="0" ind2="4" tag="245">
      <subfield code="a">The EU and member state building :</subfield>
      <subfield code="b">European foreign policy in the Western Balkans /</subfield>
      <subfield code="c">edited by Soeren Keil and Zeynep Arkan.</subfield>
   </datafield>
   <datafield ind1=" " ind2="1" tag="264">
      <subfield code="a">London :</subfield>
      <subfield code="b">Routledge, Taylor &amp; Francis Group,</subfield>
      <subfield code="c">2015.</subfield>
   </datafield>
   <datafield ind1=" " ind2="4" tag="264">
      <subfield code="c">©2015</subfield>
   </datafield>
   <datafield ind1=" " ind2=" " tag="300">
      <subfield code="a">xv, 247 pages :</subfield>
      <subfield code="b">illustrations ;</subfield>
      <subfield code="c">24 cm.</subfield>
   </datafield>
   <datafield ind1=" " ind2=" " tag="336">
      <subfield code="a">text</subfield>
      <subfield code="b">txt</subfield>
      <subfield code="2">rdacontent</subfield>
   </datafield>
   <datafield ind1=" " ind2=" " tag="337">
      <subfield code="a">unmediated</subfield>
      <subfield code="b">n</subfield>
      <subfield code="2">rdamedia</subfield>
   </datafield>
   <datafield ind1=" " ind2=" " tag="338">
      <subfield code="a">volume</subfield>
      <subfield code="b">nc</subfield>
      <subfield code="2">rdacarrier</subfield>
   </datafield>
   <datafield ind1="1" ind2=" " tag="490">
      <subfield code="a">Routledge studies in intervention and statebuilding</subfield>
   </datafield>
   <datafield ind1=" " ind2=" " tag="504">
      <subfield code="a">Includes bibliographical references and index.</subfield>
   </datafield>
   <datafield ind1=" " ind2=" " tag="520">
      <subfield code="a">"This book critically examines the process of statebuilding by the EU, focusing on its attempts to build Member States in the Western Balkan region. This book analyses the European Union's policies towards, and the impact they have, upon the states of the Western Balkans, and assesses how these affect the nature of EU foreign policy. To this end, it focuses on the tools and mechanisms that the EU employs in its enlargement policy and examines the new instruments of direct intervention (in Bosnia and Kosovo), political coercion (in the case of Croatia and Serbia in relation to the International Criminal Tribunal for the former Yugoslavia), and stricter conditionality in the Western Balkan countries. The book discusses the key aim of this special form of statebuilding, which is to establish functional liberal-democratic states in Albania, Bosnia and Herzegovina, Croatia, Kosovo, Macedonia, Montenegro, and Serbia in order for them to join the EU and to cope with the responsibilities and pressures of membership in the future. However, the authors argue that while the EU sees itself as an international actor that promotes and protects liberal-democratic values, norms and principles, its experiences in the Western Balkans demonstrate how the EU.</subfield>
   </datafield>
   <datafield ind1=" " ind2=" " tag="596">
      <subfield code="a">29</subfield>
   </datafield>
   <datafield ind1="2" ind2="0" tag="610">
      <subfield code="a">European Union</subfield>
      <subfield code="z">Balkan Peninsula.</subfield>
   </datafield>
   <datafield ind1=" " ind2="0" tag="650">
      <subfield code="a">Nation-building</subfield>
      <subfield code="z">Balkan Peninsula.</subfield>
   </datafield>
   <datafield ind1=" " ind2="0" tag="651">
      <subfield code="a">Balkan Peninsula</subfield>
      <subfield code="x">Foreign economic relations</subfield>
      <subfield code="z">European Union countries.</subfield>
   </datafield>
   <datafield ind1=" " ind2="0" tag="651">
      <subfield code="a">European Union countries</subfield>
      <subfield code="x">Foreign economic relations</subfield>
      <subfield code="z">Balkan Peninsula.</subfield>
   </datafield>
   <datafield ind1=" " ind2="0" tag="651">
      <subfield code="a">Balkan Peninsula</subfield>
      <subfield code="x">Politics and government</subfield>
      <subfield code="y">1989-</subfield>
   </datafield>
   <datafield ind1="1" ind2=" " tag="700">
      <subfield code="a">Keil, Soeren,</subfield>
      <subfield code="e">editor.</subfield>
   </datafield>
   <datafield ind1="1" ind2=" " tag="700">
      <subfield code="a">Arkan, Zeynep,</subfield>
      <subfield code="e">editor.</subfield>
   </datafield>
   <datafield ind1=" " ind2="0" tag="830">
      <subfield code="a">Routledge studies in intervention and statebuilding.</subfield>
   </datafield>
   <datafield ind1=" " ind2=" " tag="949">
      <subfield code="a">HC240.25 .B28 E83 2015</subfield>
      <subfield code="h">GMCT-OS-B</subfield>
      <subfield code="i">1007400649</subfield>
      <subfield code="p">175.43</subfield>
      <subfield code="k">AVAIL_SOON</subfield>
   </datafield>
   <datafield ind1=" " ind2=" " tag="926">
      <subfield code="a">HC240.25 .B28 E83 2015</subfield>
      <subfield code="w">LC</subfield>
      <subfield code="c">1</subfield>
      <subfield code="i">1007400649</subfield>
      <subfield code="d">3/18/2015</subfield>
      <subfield code="l">ON_SHELF</subfield>
      <subfield code="m">GR_MACEWAN</subfield>
      <subfield code="p">$167.08</subfield>
      <subfield code="r">Y</subfield>
      <subfield code="s">Y</subfield>
      <subfield code="t">BOOK</subfield>
      <subfield code="u">2/18/2015</subfield>
   </datafield>
</record>
